@book{suttonbarto,
	author={Sutton, Richard S and Barto, Andrew G},
	title={Reinforcement Learning: An Introduction, 2nd Draft},
	year={2017},
	publisher={MIT Press}
}

@phdthesis{littman,
	author={Littman, Michael L},
	title={Algorithms for Sequential Decision Making},
	year={1996},
	school={Brown University}
}

@misc{ wiki:LQR,
   author = "Wikipedia",
   title = "Linear–quadratic regulator--- {W}ikipedia{,} The Free Encyclopedia",
   url = "\url{https://en.wikipedia.org/wiki/Linear\%E2\%80\%93quadratic_regulator}",
   note = "[Online; accessed 19-Dec-2017]"
 }
 
@misc{ wiki:LQG,
   author = "Wikipedia",
   title = "Linear–quadratic–Gaussian control --- {W}ikipedia{,} The Free Encyclopedia",
   url = "\url{https://en.wikipedia.org/wiki/Linear\%E2\%80\%93quadratic\%E2\%80\%93Gaussian_control}",
   note = "[Online; accessed 19-Dec-2017]"
 }
  
@inproceedings{LiTodorov2004,
  title={Iterative Linear Quadratic Regulator Design
for Nonlinear Biological Movement Systems.},
  author={Li, Weiwei  and Todorov, Emanuel},
  booktitle={ICINCO (1)},
  pages={222--229},
  year={2004}
}

@article{FuLevineAbbeel2016,
  author       = {Fu, Justin and Levine,  Sergey and Abbeel, Pieter},
  title        = {One-Shot Learning of Manipulation Skills with Online Dynamics Adaptation and Neural Network Priors},
  version      = 3,
  eprint       = {arXiv:1509.06841v3 [cs.LG]},
  eprinttype   = {arxiv},
  year= {2016}
}             
                  

@inproceedings{LagoudakisParrLittman2002,
  title={Least-Squares Methods in Reinforcement Learning for Control.},
  author={Lagoudakis, Michail  and Parr, Ronald  and  Littman, Michael L.},
  booktitle={Second Hellenic Conference on Artificial Intelligence (SETN-02), Thessaloniki, Greece},
  year={2002},
  url = "\url{https://users.cs.duke.edu/~parr/setn02.pdf}",
}



@article{LagoudakisParr2003,
  title={Least-Squares Policy Iteration},
  author={Lagoudakis, Michail  and Parr, Ronald},
  journal={JMLR},
  volume={4},
  pages={1107-1149},
  year={2003}
}

@Article{Ormoneit2002,
author="Ormoneit, Dirk
and Sen, {\'{S}}aunak",
title="Kernel-Based Reinforcement Learning",
journal="Machine Learning",
year="2002",
month="Nov",
day="01",
volume="49",
number="2",
pages="161--178",
url="https://doi.org/10.1023/A:1017928328829"
}



@article{BarretoPrecupPineau2016,
  title={Practical Kernel-Based Reinforcement Learning},
  author={Barreto, Andr\´e M. S.  and Precup, Doina  and Pineau, Joelle},
  journal={JMLR},
  volume={17},
  pages={1-70},
  year={2016}
}

@inproceedings{JiangLi2016,
  title={Doubly Robust Off-policy Value Evaluation for Reinforcement Learning},
  author={Jiang, Nan and  Li, Lihong},
  booktitle={Proceedings of the 33rd International Conference on Machine Learning},
  year={2016},
  url="http://proceedings.mlr.press/v48/jiang16.pdf"
}

@article{Munos2016,
  author       = {Munos, R\'emi and Stepleton,  Tom and  Harutyunyan, Anna and  Bellemare, Marc G.},
  title        = {Safe and Efficient Off-Policy Reinforcement Learning},
  version      = 2,
  eprint       = {arXiv:1606.02647v2 [cs.LG] },
  eprinttype   = {arxiv},
  year= {2016}
}  

@inproceedings{thomas2016data,
  title={Data-efficient off-policy policy evaluation for reinforcement learning},
  author={Thomas, Philip and Brunskill, Emma},
  booktitle={International Conference on Machine Learning},
  pages={2139--2148},
  year={2016}
}

@inproceedings{JiangKuleszaSinghLewis2015,
  title={The Dependence of Effective Planning Horizon on Model Accuracy.},
  author={Jiang, Nan  and Kulesza, Alex and  Singh, Satinder and  Lewis, Richard},
  booktitle={IJCAI-16},
  pages={1181–1189},
  year={2015},
  url="http://www-personal.umich.edu/~rickl/pubs/jiang-et-al-2015-aamas.pdf"
}


@article{Mnihetal2015,
  title={Humanlevel control through deep reinforcement learning},
  author={Mnih, Volodymyr and Kavukcuoglu, Koray and Silver, David and Rusu, Andrei A and Veness, Joel and Bellemare,
Marc G and Graves, Alex and Riedmiller, Martin and Fidjeland, Andreas K and Ostrovski, Georg, et al.},
  journal={Nature},
  volume={7540},
  number={2-3},
  pages={529–533},
  year={2015},
}

@article{SchaulQuanAntonoglouSilver2015,
  author    = {Tom Schaul and
               John Quan and
               Ioannis Antonoglou and
               David Silver},
  title     = {Prioritized Experience Replay},
  year      = {2016},
  version      = 2,
  eprint       = {arXiv:1606.02647v2 [cs.LG] },
  eprinttype   = {arxiv}
}

@article{WangSchaulHesseletal2016,
  author    = {Ziyu Wang and Tom Schaul and Matteo Hessel and Hado van Hasselt and Marc Lanctot and
               Nando de Freitas},
  title     = {Dueling Network Architectures for Deep Reinforcement Learning},
  year      = {2016},
  version      = 3,
  eprint       = {arXiv:1511.06581v3 [cs.LG]},
  eprinttype   = {arxiv}
}


