@article{kishima2013reduction,
  title={Reduction of state space in reinforcement learning by sensor selection},
  author={Kishima, Yasutaka and Kurashige, Kentarou},
  journal={Artificial Life and Robotics},
  volume={18},
  number={1-2},
  pages={7--14},
  year={2013},
  publisher={Springer}
}

@inproceedings{curran2015using,
  title={Using {PCA} to efficiently represent state spaces},
  author={Curran, William and Brys, Tim and Taylor, Matthew and Smart, William},
  booktitle = {Proceedings of the European Workshop on Reinforcement Learning (EWRL)},
  year={2015}
}

@inproceedings{parr1998reinforcement,
  title={Reinforcement learning with hierarchies of machines},
  author={Parr, Ronald and Russell, Stuart J},
  booktitle={Advances in neural information processing systems},
  pages={1043--1049},
  year={1998}
}

@misc{brockman2016openai,
    Author = {Greg Brockman and Vicki Cheung and Ludwig Pettersson and Jonas Schneider and John Schulman and Jie Tang and Wojciech Zaremba},
    Title = {{OpenAI Gym}},
    Year = {2016},
    Eprint = {arXiv:1606.01540},
}

@misc{paszke2017pytorch,
  title={Py{T}orch},
  author={Paszke, Adam and Gross, Sam and Chintala, Soumith and Chanan, Gregory},
  year={2017}
}

@article{mnih2015human,
  title={Human-level control through deep reinforcement learning},
  author={Mnih, Volodymyr and Kavukcuoglu, Koray and Silver, David and Rusu, Andrei A and Veness, Joel and Bellemare, Marc G and Graves, Alex and Riedmiller, Martin and Fidjeland, Andreas K and Ostrovski, Georg and others},
  journal={Nature},
  volume={518},
  number={7540},
  pages={529},
  year={2015},
  publisher={Nature Publishing Group}
}

@article{mnih2013playing,
  title={Playing {A}tari with deep reinforcement learning},
  author={Mnih, Volodymyr and Kavukcuoglu, Koray and Silver, David and Graves, Alex and Antonoglou, Ioannis and Wierstra, Daan and Riedmiller, Martin},
  journal={arXiv preprint arXiv:1312.5602},
  year={2013}
}

@inproceedings{van2016deep,
  title={Deep Reinforcement Learning with Double {Q}-Learning.},
  author={Van Hasselt, Hado and Guez, Arthur and Silver, David},
  booktitle={AAAI},
  volume={16},
  pages={2094--2100},
  year={2016}
}